@article{robertson2005dna,
  title={DNA methylation and human disease},
  author={Robertson, Keith D},
  journal={Nature Reviews Genetics},
  volume={6},
  number={8},
  pages={597},
  year={2005},
  publisher={Nature publishing group}
}

@article{barbosa2018identification,
  title={Identification of rare de novo epigenetic variations in congenital disorders},
  author={Barbosa, Mafalda and Joshi, Ricky S and Garg, Paras and Martin-Trujillo, Alejandro and Patel, Nihir and Jadhav, Bharati and Watson, Corey T and Gibson, William and Chetnik, Kelsey and Tessereau, Chloe and others},
  journal={Nature communications},
  volume={9},
  number={1},
  pages={2064},
  year={2018},
  publisher={Nature Publishing Group}
}

@incollection{horsthemke2006epimutations,
  title={Epimutations in human disease},
  author={Horsthemke, B},
  booktitle={DNA Methylation: Development, Genetic Disease and Cancer},
  pages={45--59},
  year={2006},
  publisher={Springer}
}

@article{bybee2011targeted,
  title={Targeted amplicon sequencing (TAS): a scalable next-gen approach to multilocus, multitaxa phylogenetics},
  author={Bybee, Seth M and Bracken-Grissom, Heather and Haynes, Benjamin D and Hermansen, Russell A and Byers, Robert L and Clement, Mark J and Udall, Joshua A and Wilcox, Edward R and Crandall, Keith A},
  journal={Genome biology and evolution},
  volume={3},
  pages={1312--1323},
  year={2011},
  publisher={Oxford University Press}
}

@incollection{li2011dna,
  title={DNA methylation detection: bisulfite genomic sequencing analysis},
  author={Li, Yuanyuan and Tollefsbol, Trygve O},
  booktitle={Epigenetics Protocols},
  pages={11--21},
  year={2011},
  publisher={Springer}
}

@article{frommer1992genomic,
  title={A genomic sequencing protocol that yields a positive display of 5-methylcytosine residues in individual DNA strands.},
  author={Frommer, Marianne and McDonald, Louise E and Millar, Douglas S and Collis, Christina M and Watt, Fujiko and Grigg, Geoffrey W and Molloy, Peter L and Paul, Cheryl L},
  journal={Proceedings of the National Academy of Sciences},
  volume={89},
  number={5},
  pages={1827--1831},
  year={1992},
  publisher={National Acad Sciences}
}

@article{sobreira2017patients,
  title={Patients with a Kabuki syndrome phenotype demonstrate DNA methylation abnormalities},
  author={Sobreira, Nara and Brucato, Martha and Zhang, Li and Ladd-Acosta, Christine and Ongaco, Chrissie and Romm, Jane and Doheny, Kimberly F and Mingroni-Netto, Regina C and Bertola, Debora and Kim, Chong A and others},
  journal={European Journal of Human Genetics},
  volume={25},
  number={12},
  pages={1335},
  year={2017},
  publisher={Nature Publishing Group}
}

@article{jaffe2012bump,
  title={Bump hunting to identify differentially methylated regions in epigenetic epidemiology studies},
  author={Jaffe, Andrew E and Murakami, Peter and Lee, Hwajin and Leek, Jeffrey T and Fallin, M Daniele and Feinberg, Andrew P and Irizarry, Rafael A},
  journal={International journal of epidemiology},
  volume={41},
  number={1},
  pages={200--209},
  year={2012},
  publisher={Oxford University Press}
}

@article{miyake2016delineation,
  title={Delineation of clinical features in Wiedemann--Steiner syndrome caused by KMT2A mutations},
  author={Miyake, N and Tsurusaki, Y and Koshimizu, E and Okamoto, N and Kosho, T and Brown, Natasha J and Tan, T Yang and Yap, P Jia Jiunn and Suzumura, H and Tanaka, T and others},
  journal={Clinical genetics},
  volume={89},
  number={1},
  pages={115--119},
  year={2016},
  publisher={Wiley Online Library}
}

@article{jones2012novo,
  title={De novo mutations in MLL cause Wiedemann-Steiner syndrome},
  author={Jones, Wendy D and Dafou, Dimitra and McEntagart, Meriel and Woollard, Wesley J and Elmslie, Frances V and Holder-Espinasse, Muriel and Irving, Melita and Saggar, Anand K and Smithson, Sarah and Trembath, Richard C and others},
  journal={The American Journal of Human Genetics},
  volume={91},
  number={2},
  pages={358--364},
  year={2012},
  publisher={Elsevier}
}

@article{bogershausen2016mutation,
  title={Mutation update for Kabuki syndrome genes KMT2D and KDM6A and further delineation of X-linked Kabuki syndrome subtype 2},
  author={B{\"o}gershausen, Nina and Gatinois, Vincent and Riehmer, Vera and Kayserili, H{\"u}lya and Becker, Jutta and Thoenes, Michaela and Simsek-Kiper, Pelin {\"O}zlem and Barat-Houari, Mouna and Elcioglu, Nursel H and Wieczorek, Dagmar and others},
  journal={Human mutation},
  volume={37},
  number={9},
  pages={847--864},
  year={2016},
  publisher={Wiley Online Library}
}

@article{miura2012amplification,
  title={Amplification-free whole-genome bisulfite sequencing by post-bisulfite adaptor tagging},
  author={Miura, Fumihito and Enomoto, Yusuke and Dairiki, Ryo and Ito, Takashi},
  journal={Nucleic acids research},
  volume={40},
  number={17},
  pages={e136--e136},
  year={2012},
  publisher={Oxford University Press}
}

@article{simpson2017detecting,
  title={Detecting DNA cytosine methylation using nanopore sequencing},
  author={Simpson, Jared T and Workman, Rachael E and Zuzarte, PC and David, Matei and Dursi, LJ and Timp, Winston},
  journal={Nature methods},
  volume={14},
  number={4},
  pages={407},
  year={2017},
  publisher={Nature Publishing Group}
}

@article{gudhbjartsson2016gorpipe,
  title={GORpipe: a query tool for working with sequence data based on a Genomic Ordered Relational (GOR) architecture},
  author={Gu{\dh}bjartsson, H{\'a}kon and Georgsson, Gu{\dh}mundur Fr and Gu{\dh}j{\'o}nsson, Sigurj{\'o}n A and Valdimarsson, Ragnar {\TH}{\'o}r and Sigur{\dh}sson, J{\'o}hann H and Stef{\'a}nsson, Sigmar K and M{\'a}sson, G{\'\i}sli and Magn{\'u}sson, G{\'\i}sli and P{\'a}lmason, Vilmundur and Stef{\'a}nsson, K{\'a}ri},
  journal={Bioinformatics},
  volume={32},
  number={20},
  pages={3081--3088},
  year={2016},
  publisher={Oxford University Press}
}


@article{aref2017defining,
  title={The defining DNA methylation signature of Kabuki syndrome enables functional assessment of genetic variants of unknown clinical significance},
  author={Aref-Eshghi, Erfan and Schenkel, Laila C and Lin, Hanxin and Skinner, Cindy and Ainsworth, Peter and Par{\'e}, Guillaume and Rodenhiser, David and Schwartz, Charles and Sadikovic, Bekim},
  journal={Epigenetics},
  volume={12},
  number={11},
  pages={923--933},
  year={2017},
  publisher={Taylor \& Francis}
}

@article{butcher2017charge,
  title={CHARGE and Kabuki syndromes: gene-specific DNA methylation signatures identify epigenetic mechanisms linking these clinically overlapping conditions},
  author={Butcher, Darci T and Cytrynbaum, Cheryl and Turinsky, Andrei L and Siu, Michelle T and Inbar-Feigenberg, Michal and Mendoza-Londono, Roberto and Chitayat, David and Walker, Susan and Machado, Jerry and Caluseriu, Oana and others},
  journal={The American Journal of Human Genetics},
  volume={100},
  number={5},
  pages={773--788},
  year={2017},
  publisher={Elsevier}
}

@online{illuminaweb,
  author = {Illumina},
  title = {{Infinium HumanMethylation450 v1.2 BeadChip Product Files}},
  year = 2013,
  url = {https://support.illumina.com/downloads/humanmethylation450_15017482_v1-2_product_files.html},
  urldate = {2019-08-02}
}

@article{das2004dna,
  title={DNA methylation and cancer},
  author={Das, Partha M and Singal, Rakesh},
  journal={Journal of clinical oncology},
  volume={22},
  number={22},
  pages={4632--4642},
  year={2004},
  publisher={American Society of Clinical Oncology}
}

@article{alkan2011limitations,
  title={Limitations of next-generation genome sequence assembly},
  author={Alkan, Can and Sajjadian, Saba and Eichler, Evan E},
  journal={Nature methods},
  volume={8},
  number={1},
  pages={61},
  year={2011},
  publisher={Nature Publishing Group}
}

@article{shafin2019efficient,
  title={Efficient de novo assembly of eleven human genomes using PromethION sequencing and a novel nanopore toolkit},
  author={Shafin, Kishwar and Pesout, Trevor and Lorig-Roach, Ryan and Haukness, Marina and Olsen, Hugh E and Bosworth, Colleen and Armstrong, Joel and Tigyi, Kristof and Maurer, Nicholas and Koren, Sergey and others},
  journal={BioRxiv},
  pages={715722},
  year={2019},
  publisher={Cold Spring Harbor Laboratory}
}

@article{jain2018nanopore,
  title={Nanopore sequencing and assembly of a human genome with ultra-long reads},
  author={Jain, Miten and Koren, Sergey and Miga, Karen H and Quick, Josh and Rand, Arthur C and Sasani, Thomas A and Tyson, John R and Beggs, Andrew D and Dilthey, Alexander T and Fiddes, Ian T and others},
  journal={Nature biotechnology},
  volume={36},
  number={4},
  pages={338},
  year={2018},
  publisher={Nature Publishing Group}
}